
@book{Bohren83,
	author     = {Craig F.~Bohren and Donald R.~Huffman},
	title          =  {Absorption and Scattering of Light by Small Particles},
	year         =  {1983},
	publisher = {Wiley},
	address  =  {New York}
}


@book{Jackson99,
	author     = {John David Jackson},
	title          =  {Classical Electrodynamics},
	year         =  {1999},
	publisher = {Wiley},
	address  = {New York}
}


@article{Wiscombe80,
	title = {Improved Mie Scattering Algorithms},
	volume = {19},
	url = {http://ao.osa.org.ezp-prod1.hul.harvard.edu/abstract.cfm?URI=ao-19-9-1505},
	journal = {Applied Optics},
	author = {W. J.  Wiscombe},
	month = may,
	year = {1980},
	pages = {1505-1509}
},